<?xml version="1.0" encoding="UTF-8"?>
<Document xmlns:xsi="http://www.w3.org/2001/XMLSchema-instance" xmlns="urn:iso:std:iso:20022:tech:xsd:pain.001.001.03">
<CstmrCdtTrfInitn>
<!-- UBW_ISO_P1_DFO5_08JUNI2023_V01 -->
<GrpHdr>
<MsgId>NDN9A2501141</MsgId>
<CreDtTm>2025-01-14T10:43:18</CreDtTm>
<NbOfTxs>2</NbOfTxs>
<CtrlSum>93705.15</CtrlSum>
<InitgPty>
<Nm>NAVN virksomhet som remitterer</Nm>
<Id>
<OrgId>
<Othr>
<Id>14788244409</Id>
<SchmeNm><Cd>CUST</Cd></SchmeNm>
</Othr>
</OrgId>
</Id>
</InitgPty>
</GrpHdr>
<PmtInf>
<PmtInfId>UBW20250121IP_NOKDKK025011470001</PmtInfId>
<PmtMtd>TRF</PmtMtd>
<PmtTpInf>
<SvcLvl>
<Cd>NURG</Cd>
</SvcLvl>
<CtgyPurp>
<Cd>SUPP</Cd>
</CtgyPurp>
</PmtTpInf>
<ReqdExctnDt>2025-01-21</ReqdExctnDt>
<Dbtr>
<Nm>NAVN virksomhet som remitterer</Nm>
<PstlAdr><Ctry>NO</Ctry></PstlAdr>
<Id><OrgId><Othr><Id>727377301699</Id><SchmeNm><Cd>BANK</Cd></SchmeNm></Othr></OrgId></Id>
</Dbtr>
<DbtrAcct>
<Id>
<Othr><Id>63450500000</Id><SchmeNm><Cd>BBAN</Cd></SchmeNm></Othr>
</Id>
<Ccy>NOK</Ccy>
</DbtrAcct>
<DbtrAgt>
<FinInstnId>
<BIC>NDEANOKK</BIC>
</FinInstnId>
</DbtrAgt>
<ChrgBr>SHAR</ChrgBr>
<CdtTrfTxInf>
<PmtId>
<InstrId>AN90250114700245</InstrId>
<EndToEndId>AN90250114700245</EndToEndId>
</PmtId>
<Amt>
<InstdAmt Ccy="DKK">4484.90</InstdAmt>
</Amt>
<CdtrAgt>
<FinInstnId>
<BIC>DRONDK21XXX</BIC>
<PstlAdr><Ctry>DK</Ctry></PstlAdr>
</FinInstnId>
</CdtrAgt>
<Cdtr>
<Nm>Navn dansk leverandør</Nm>
<PstlAdr><StrtNm>postadresse</StrtNm><PstCd>0000</PstCd><Ctry>DK</Ctry></PstlAdr>
</Cdtr>
<CdtrAcct>
<Id>
<IBAN>DK2290440001600000</IBAN>
</Id>
</CdtrAcct>
<RgltryRptg>
<DbtCdtRptgInd>DEBT</DbtCdtRptgInd>
<Dtls>
<Cd>14</Cd>
<Inf>EKSPORT/IMPORT AV AN</Inf>
</Dtls>
</RgltryRptg>
<RmtInf>
<Ustrd>56629.</Ustrd>
</RmtInf>
</CdtTrfTxInf>
</PmtInf>
<PmtInf>
<PmtInfId>UBW20250114IP_NOKNOK025011470005</PmtInfId>
<PmtMtd>TRF</PmtMtd>
<PmtTpInf>
<SvcLvl>
<Cd>NURG</Cd>
</SvcLvl>
<CtgyPurp>
<Cd>SUPP</Cd>
</CtgyPurp>
</PmtTpInf>
<ReqdExctnDt>2025-01-14</ReqdExctnDt>
<Dbtr>
<Nm>NAVN virksomhet som remitterer</Nm>
<PstlAdr><Ctry>NO</Ctry></PstlAdr>
<Id><OrgId><Othr><Id>727377301699</Id><SchmeNm><Cd>BANK</Cd></SchmeNm></Othr></OrgId></Id>
</Dbtr>
<DbtrAcct>
<Id>
<Othr><Id>63450500000</Id><SchmeNm><Cd>BBAN</Cd></SchmeNm></Othr>
</Id>
<Ccy>NOK</Ccy>
</DbtrAcct>
<DbtrAgt>
<FinInstnId>
<BIC>NDEANOKK</BIC>
</FinInstnId>
</DbtrAgt>
<ChrgBr>SHAR</ChrgBr>
<CdtTrfTxInf>
<PmtId>
<InstrId>AN90250114700276</InstrId>
<EndToEndId>AN90250114700276</EndToEndId>
</PmtId>
<Amt>
<InstdAmt Ccy="NOK">89220.25</InstdAmt>
</Amt>
<Cdtr>
<Nm>Nanv norsk leverandør</Nm>
<PstlAdr><StrtNm>Adresse</StrtNm><PstCd>7465</PstCd><TwnNm>TRONDHEIM</TwnNm><Ctry>NO</Ctry></PstlAdr>
</Cdtr>
<CdtrAcct>
<Id>
<Othr>
<Id>42023200000</Id>
<SchmeNm>
<Cd>BBAN</Cd>
</SchmeNm>
</Othr>
</Id>
</CdtrAcct>
<RmtInf>
<Strd>
<RfrdDocInf>
<Tp> <CdOrPrtry> <Cd>CINV</Cd> </CdOrPrtry> </Tp>
</RfrdDocInf>
<RfrdDocAmt>
<RmtdAmt Ccy="NOK">89220.25</RmtdAmt>
</RfrdDocAmt>
<CdtrRefInf>
<Tp> <CdOrPrtry> <Cd>SCOR</Cd> </CdOrPrtry> </Tp>
<Ref>304179203</Ref>
</CdtrRefInf>
</Strd>
</RmtInf>
</CdtTrfTxInf>
</PmtInf>
</CstmrCdtTrfInitn>
</Document>
